@misc{repo-mt,
  author={Aaldering, Jordy},
  title={Dynamic Adaptation Controller repository},
  year={2025},
  note={Branch tfp25, commit fea397d},
  url={https://github.com/JordyAaldering/mtdynamic/tree/tfp25}
}

@misc{repo-sac,
  author={{SaC} group},
  title={{SaC} repository},
  year={2024},
  note={Branch mtdynamic, commit 6cddce74},
  url={https://gitlab.sac-home.org/JordyAaldering/sac2c-mtdynamic}
}

@article{heterogeneous-systems,
  author={Buchty, Rainer and Heuveline, Vincent and Karl, Wolfgang and Weiss, Jan-Philipp},
  title={A survey on hardware-aware and heterogeneous computing on multicore processors and accelerators},
  journal={Concurrency and Computation: Practice and Experience},
  publisher={Wiley Online Library},
  year={2012},
  volume={24},
  number={7},
  pages={663--675},
  numpages={13},
  doi={10.1002/cpe.1904},
  eprint={https://onlinelibrary.wiley.com/doi/pdf/10.1002/cpe.1904}
}

@inproceedings{busy-wait,
  author={Falsafi, Babak and Guerraoui, Rachid and Picorel, Javier and Trigonakis, Vasileios},
  title={Unlocking Energy},
  booktitle={2016 USENIX Annual Technical Conference (USENIX ATC 16)},
  publisher={USENIX Association},
  address={Denver, CO},
  year={2016},
  month=jun,
  pages={393--406},
  isbn={978-1-931971-30-0},
  url={https://www.usenix.org/conference/atc16/technical-sessions/presentation/falsafi}
}

@article{rapl,
  author={Khan, Kashif Nizam and Hirki, Mikael and Niemi, Tapio and Nurminen, Jukka K. and Ou, Zhonghong},
  title={RAPL in Action: Experiences in Using RAPL for Power Measurements},
  journal={ACM Transactions on Modeling and Performance Evaluation of Computing Systems (TOMPECS)},
  publisher={Association for Computing Machinery},
  address={New York, NY},
  issue_date={June 2018},
  articleno={9},
  year={2018},
  volume={3},
  number={2},
  pages={1--26},
  numpages={26},
  issn={2376-3639},
  doi={10.1145/3177754}
}

@inproceedings{rapl-security,
  author={Zhang, Zhenkai and Liang, Sisheng and Yao, Fan and Gao, Xing},
  title={Red Alert for Power Leakage: Exploiting Intel RAPL-Induced Side Channels},
  booktitle={Proceedings of the 2021 ACM Asia Conference on Computer and Communications Security},
  publisher={Association for Computing Machinery},
  address={New York, NY},
  series={ASIA CCS '21},
  location={Virtual Event, Hong Kong},
  year={2021},
  pages={162--175},
  numpages={14},
  isbn={9781450382878},
  doi={10.1145/3433210.3437517}
}

@misc{firefox-profiling,
  author={Qu√®ze, Florian},
  title={Power profiling with the Firefox Profiler (FOSDEM'23)},
  note={Last accessed: 11-11-2024},
  year={2023},
  month=feb,
  url={https://archive.fosdem.org/2023/schedule/event/energy_power_profiling_firefox/}
}

@article{sac1,
  author={Grelck, Clemens and Scholz, Sven-Bodo},
  title={{SaC} -- A Functional Array Language for Efficient Multi-threaded Execution},
  journal={International Journal of Parallel Programming},
  year={2006},
  month=aug,
  day={1},
  volume={34},
  number={4},
  pages={383--427},
  numpages={45},
  issn={1573-7640},
  doi={10.1007/s10766-006-0018-x}
}

@inbook{sac2,
  author={Grelck, Clemens},
  title={Single assignment C ({SaC}) High Productivity Meets High Performance},
  booktitle={Central European Functional Programming School: 4th Summer School},
  publisher={Springer Berlin Heidelberg},
  organization={Springer},
  address={Berlin, Heidelberg},
  series={CEFP '11},
  location={Budapest, Hungary},
  year={2012},
  month=jun,
  pages={207--278},
  numpages={72},
  isbn={978-3-642-32096-5},
  doi={10.1007/978-3-642-32096-5_5}
}

@inproceedings{sac-tensor,
  author={Scholz, Sven-Bodo and \v{S}inkarovs, Artjoms},
  title={Tensor Comprehensions in {SaC}},
  booktitle={Proceedings of the 31st Symposium on Implementation and Application of Functional Languages},
  publisher={Association for Computing Machinery},
  address={New York, NY},
  series={IFL '19},
  location={Singapore, Singapore},
  year={2021},
  articleno={15},
  numpages={13},
  isbn={9781450375627},
  doi={10.1145/3412932.3412947}
}

@inproceedings{sac-typepattern,
  author={Aaldering, Jordy and Scholz, Sven-Bodo and van Gastel, Bernard},
  title={Type Patterns: Pattern Matching on Shape-Carrying Array Types},
  booktitle={Proceedings of the 35th Symposium on Implementation and Application of Functional Languages},
  publisher={Association for Computing Machinery},
  address={New York, NY},
  series={IFL '23},
  location={Brage, Portugal},
  year={2024},
  articleno={11},
  numpages={14},
  doi={10.1145/3652561.3652572}
}

@inproceedings{sac-records,
  author={Huijben, Reg and Aaldering, Jordy and Achten, Peter and Scholz, Sven-Bodo},
  title={Flattening Combinations of Arrays and Records},
  booktitle={International Symposium on Trends in Functional Programming},
  publisher={Springer Nature},
  address={Cham},
  series={TFP '24},
  location={South Orange, NJ, USA},
  year={2025},
  month=jan,
  articleno={10},
  pages={220--240},
  numpages={21},
  isbn={978-3-031-74558-4},
  doi={10.1007/978-3-031-74558-4_10}
}

@article{sac-shared,
  author={Grelck, Clemens},
  title={Shared memory multiprocessor support for functional array processing in {SaC}},
  journal={Journal of Functional Programming},
  publisher={Cambridge University Press},
  year={2005},
  volume={15},
  number={3},
  pages={353--401},
  numpages={49},
  doi={10.1017/S0956796805005538}
}

@inproceedings{sac-mtdynamic,
  author={Gordon, Stuart and Scholz, Sven-Bodo},
  title={Dynamic adaptation of functional runtime systems through external control},
  booktitle={Proceedings of the 27th Symposium on the Implementation and Application of Functional Programming Languages},
  publisher={Association for Computing Machinery},
  address={New York, NY},
  series={IFL '15},
  location={Koblenz, Germany},
  year={2015},
  articleno={10},
  pages={10:1--10:13},
  numpages={13},
  isbn={978-1-4503-4273-5},
  doi={10.1145/2897336.2897347}
}

@inproceedings{sac-blocking,
  author={\v{S}inkarovs, Artjoms and Koopman, Thomas and Scholz, Sven-Bodo},
  title={Rank-Polymorphism for Shape-Guided Blocking},
  booktitle={Proceedings of the 11th ACM SIGPLAN International Workshop on Functional High-Performance and Numerical Computing},
  publisher={Association for Computing Machinery},
  address={New York, NY, USA},
  series={FHPNC 2023},
  location={Seattle, WA, USA},
  year={2023},
  pages={1--14},
  numpages={14},
  isbn={9798400702969},
  doi={10.1145/3609024.3609410}
}

@inproceedings{sac-mpi,
  author={Macht, Thomas and Grelck, Clemens},
  title={{SaC} Goes Cluster: Fully Implicit Distributed Computing},
  booktitle={2019 IEEE International Parallel and Distributed Processing Symposium (IPDPS)},
  publisher={IEEE Computer Society},
  address={Los Alamitos, CA, USA},
  year={2019},
  month=may,
  pages={996--1006},
  numpages={11},
  doi={10.1109/IPDPS.2019.00107}
}

@inproceedings{sac-gpu,
  author={Jing Guo and Jeyarajan Thiyagalingam and Sven-Bodo Scholz},
  title={Breaking the Gpu Programming Barrier with the Auto-parallelising {SaC} Compiler},
  booktitle={6th Workshop on Declarative Aspects of Multicore Programming (DAMP'11)},
  publisher={ACM Press},
  address={New York, NY, USA},
  affil={ctca},
  year={2011},
  pages={15--24},
  numpages={10},
  doi={10.1145/1926354.1926359}
}

@inproceedings{sac-gpu2,
  author={Janssen, Niek and Scholz, Sven-Bodo},
  title={On Mapping N-Dimensional Data-Parallelism Efficiently into GPU-Thread-Spaces},
  booktitle={Proceedings of the 33rd Symposium on Implementation and Application of Functional Languages},
  publisher={Association for Computing Machinery},
  address={New York, NY, USA},
  series={IFL '21},
  location={Nijmegen, Netherlands},
  year={2022},
  pages={54--66},
  numpages={13},
  isbn={9781450386449},
  doi={10.1145/3544885.3544894}
}

@inproceedings{control-theory,
  author={Filieri, Antonio
    and Maggio, Martina
    and Angelopoulos, Konstantinos
    and D'Ippolito, Nicolas
    and Gerostathopoulos, Ilias
    and Hempel, Andreas Berndt
    nd Hoffmann, Henry
    and Jamshidi, Pooyan
    and Kalyvianaki, Evangelia
    and Klein, Cristian
    and others},
  title={Software Engineering Meets Control Theory},
  booktitle={2015 IEEE/ACM 10th International Symposium on Software Engineering for Adaptive and Self-Managing Systems},
  publisher={IEEE},
  year={2015},
  pages={71--82},
  keywords={Mathematical model;Control theory;Software systems;Encoding;Adaptive systems;Software engineering},
  doi={10.1109/SEAMS.2015.12}
}

@inbook{grand-central-dispatch,
  author={Sakamoto, Kazuki and Furumoto, Tomohiko},
  title={Grand Central Dispatch},
  booktitle={Pro Multithreading and Memory Management for iOS and OS X},
  publisher={Apress},
  address={Berkeley, CA},
  year={2012},
  pages={139--145},
  numpages={17},
  isbn={978-1-4302-4117-1},
  doi={10.1007/978-1-4302-4117-1_6}
}

@inbook{grand-central-dispatch2,
  author={Nutting, Jack and Olsson, Fredrik and Mark, David and LaMarche, Jeff},
  title={Grand Central Dispatch, Background Processing, and You},
  booktitle={Beginning iOS 7 Development: Exploring the iOS SDK},
  publisher={Apress},
  address={Berkeley, CA},
  year={2014},
  pages={455--487},
  numpages={33},
  isbn={978-1-4302-6023-3},
  doi={10.1007/978-1-4302-6023-3_15}
}

@inproceedings{grand-central-dispatch-queues,
  author={Geeraerts, Gilles and Heu\ss{}ner, Alexander and Raskin, Jean-Fran\c{c}ois},
  title={Queue-Dispatch Asynchronous Systems},
  booktitle={2013 13th International Conference on Application of Concurrency to System Design},
  publisher={IEEE},
  address={Piscataway, NJ},
  year={2013},
  volume={},
  number={},
  pages={150--159},
  numpages={9},
  doi={10.1109/ACSD.2013.18}
}

@inproceedings{dispatch-queues,
  author={Falsafi, B. and Wood, D.A.},
  title={Parallel Dispatch Queue: a queue-based programming abstraction to parallelize fine-grain communication protocols},
  booktitle={Proceedings Fifth International Symposium on High-Performance Computer Architecture},
  publisher={IEEE},
  address={Piscataway, NJ},
  year={1999},
  volume={},
  number={},
  pages={182--192},
  numpages={11},
  doi={10.1109/HPCA.1999.744362}
}

@article{dvfs-dynamic-programming,
  author={Hajiamini, Shervin and Shirazi, Behrooz and Crandall, Aaron and Ghasemzadeh, Hassan},
  title={A Dynamic Programming Framework for DVFS-Based Energy-Efficiency in Multicore Systems},
  journal={IEEE Transactions on Sustainable Computing},
  publisher={IEEE},
  address={Piscataway, NJ},
  year={2020},
  volume={5},
  number={1},
  pages={1--12},
  doi={10.1109/TSUSC.2019.2911471}
}

@inproceedings{compiler-energy-flash,
  author={Pallister, James and Eder, Kerstin and Hollis, Simon J.},
  title={Optimizing the flash-RAM energy trade-off in deeply embedded systems},
  booktitle={2015 IEEE/ACM International Symposium on Code Generation and Optimization (CGO)},
  publisher={IEEE},
  address={Piscataway, NJ},
  year={2015},
  volume={},
  number={},
  pages={115--124},
  numpages={10},
  doi={10.1109/CGO.2015.7054192}
}

@article{compiler-energy-methods,
  author={Pallister, James and Hollis, Simon J. and Bennett, Jeremy},
  title={Identifying Compiler Options to Minimize Energy Consumption for Embedded Platforms},
  journal={The Computer Journal},
  year={2013},
  month=nov,
  volume={58},
  number={1},
  pages={95--109},
  numpages={15},
  issn={0010-4620},
  doi={10.1093/comjnl/bxt129},
  eprint={https://academic.oup.com/comjnl/article-pdf/58/1/95/5071667/bxt129.pdf},
}

@phdthesis{compiler-energy-differences,
  author={Pallister, James},
  title={Exploring the fundamental differences between compiler optimisations for energy and for performance},
  school={University of Bristol},
  year={2016},
  url={https://jpallister.com/documents/thesis_final.pdf}
}

@inproceedings{compiler-energy-android,
  author={Bangash, Abdul Ali and Ali, Karim and Hindle, Abram},
  title={A black box technique to reduce energy consumption of Android apps},
  booktitle={Proceedings of the ACM/IEEE 44th International Conference on Software Engineering: New Ideas and Emerging Results},
  publisher={Association for Computing Machinery},
  address={New York, NY},
  series={ICSE-NIER '22},
  location={Pittsburgh, Pennsylvania},
  year={2022},
  pages={1‚Äì-5},
  numpages={5},
  isbn={9781450392242},
  doi={10.1145/3510455.3512795}
}

@inproceedings{symbolic-skylines,
  author={Klinik, Markus and van Gastel, Bernard and Kop, Cynthia and van Eekelen, Marko},
  title={Skylines for Symbolic Energy Consumption Analysis},
  booktitle={Formal Methods for Industrial Critical Systems},
  publisher={Springer International Publishing},
  organization={Springer},
  address={New York, NY},
  series={FMICS '20},
  location={Vienna, Austria},
  year={2020},
  month=sep,
  pages={93--112},
  numpages={20},
  isbn={978-3-030-58298-2},
  doi={10.1007/978-3-030-58298-2_3}
}

@inproceedings{symbolic-dependent-types,
  title={Using dependent types to define energy augmented semantics of programs},
  author={van Gastel, Bernard and Kersten, Rody and van Eekelen, Marko},
  booktitle={Foundational and Practical Aspects of Resource Analysis},
  publisher={Springer International Publishing},
  organization={Springer},
  address={New York, NY},
  series={FOPARA '15},
  location={London, UK},
  year={2016},
  month=apr,
  pages={20--39},
  numpages={19},
  isbn={978-3-319-46559-3},
  doi={10.1007/978-3-319-46559-3_2}
}

@inproceedings{symbolic-dependent-types2,
  author={van Gastel, Bernard and van Eekelen, Marko},
  title={Towards Practical, Precise and Parametric Energy Analysis of IT Controlled Systems},
  booktitle={Proceedings 8th Workshop on Developments in Implicit Computational Complexity and 5th Workshop on Foundational and Practical Aspects of Resource Analysis},
  publisher={Open Publishing Association},
  address={},
  series={EPTCS '17},
  location={Uppsala, Sweden},
  year={2017},
  month=apr,
  volume={248},
  pages={24--37},
  numpages={14},
  doi={10.4204/EPTCS.248.7}
}

@inproceedings{symbolic-energy-bugs,
  author={van Gastel, Pascal and van Gastel, Bernard and van Eekelen, Marko},
  title={Detecting energy bugs and hotspots in control software using model checking},
  booktitle={Companion Proceedings of the 2nd International Conference on the Art, Science, and Engineering of Programming},
  publisher={Association for Computing Machinery},
  address={New York, NY},
  series={Programming '18},
  location={Nice, France},
  year={2018},
  pages={93--98},
  numpages={6},
  isbn={9781450355131},
  doi={10.1145/3191697.3213805}
}

@article{strategies-hpc,
  author={Jin, Chao and de Supinski, Bronis R and Abramson, David and Poxon, Heidi and DeRose, Luiz and Dinh, Minh Ngoc and Endrei, Mark and Jessup, Elizabeth R},
  title={A survey on software methods to improve the energy efficiency of parallel computing},
  journal={The International Journal of High Performance Computing Applications},
  publisher={Sage Publications},
  address={London, UK},
  year={2017},
  volume={31},
  number={6},
  pages={517--549},
  numpages={33},
  doi={10.1177/1094342016665471}
}

@inproceedings{strategies-industry,
  title={Experimental Evaluation of Energy Efficiency Tactics in Industry: Results and Lessons Learned},
  author={Funke, Markus and Lago, Patricia and Adenekan, Esther and Malavolta, Ivano and Heitlager, Ilja},
  booktitle={21st IEEE International Conference on Software Architecture (ICSA)},
  publisher={IEEE},
  address={Piscataway, NJ},
  year={2024},
  pages={1--12},
  numpages={12}
}

@inproceedings{strategies-load-distribution,
  author={von Kistowski, J√≥akim and Beckett, John and Lange, Klaus-Dieter and Block, Hansfried and Arnold, Jeremy A. and Kounev, Samuel},
  title={Energy Efficiency of Hierarchical Server Load Distribution Strategies},
  booktitle={2015 IEEE 23rd International Symposium on Modeling, Analysis, and Simulation of Computer and Telecommunication Systems},
  publisher={IEEE},
  address={Piscataway, NJ},
  year={2015},
  volume={},
  number={},
  pages={75--84},
  numpages={10},
  doi={10.1109/MASCOTS.2015.11}
}

@article{fftw3,
  author={Frigo, Matteo and Johnson, Steven G},
  title={The design and implementation of FFTW3},
  journal={Proceedings of the IEEE},
  publisher={IEEE},
  address={Piscataway, NJ},
  year={2005},
  volume={93},
  number={2},
  pages={216--231},
  numpages={16},
  doi={10.1109/JPROC.2004.840301}
}

@phdthesis{profile-based1,
  author={Ding, Zhe},
  title={Profile-based virtual machine placement for energy optimization of data centers},
  school={Queensland University of Technology},
  year={2017}
}

@misc{profile-based2,
  author={Buyya, Rajkumar and Beloglazov, Anton and Abawajy, Jemal},
  title={Energy-efficient management of data center resources for cloud computing: a vision, architectural elements, and open challenges},
  journal={arXiv preprint arXiv:1006.0308},
  archiveprefix={arXiv},
  primaryclass={cs.DC},
  year={2010},
  eprint={1006.0308},
  url={https://arxiv.org/abs/1006.0308}
}

@article{profile-based3,
  author={Dai, Xiangming and Wang, Jason Min and Bensaou, Brahim},
  title={Energy-Efficient Virtual Machines Scheduling in Multi-Tenant Data Centers},
  journal={IEEE Transactions on Cloud Computing},
  publisher={IEEE},
  address={Piscataway, NJ},
  year={2016},
  volume={4},
  number={2},
  pages={210--221},
  numpages={12},
  doi={10.1109/TCC.2015.2481401}
}

@inproceedings{profile-based4,
  author={Minarolli, Dorian and Freisleben, Bernd},
  title={Utility-based resource allocation for virtual machines in Cloud computing},
  booktitle={2011 IEEE Symposium on Computers and Communications (ISCC)},
  publisher={IEEE},
  address={Piscataway, NJ},
  year={2011},
  volume={},
  number={},
  pages={410--417},
  numpages={8},
  doi={10.1109/ISCC.2011.5983872}
}

@article{energy-analysis,
  author={van Gastel, Bernard and van Eekelen, Marko},
  title={Towards Practical, Precise and Parametric Energy Analysis of IT Controlled Systems},
  journal={Electronic Proceedings in Theoretical Computer Science},
  publisher={Open Publishing Association},
  volume={248},
  year={2017},
  month=apr,
  pages={24--37},
  numpages={14},
  issn={2075-2180},
  doi={10.4204/eptcs.248.7}
}

@inproceedings{energy-visualisation,
  author={van Gastel, Bernard},
  title={Analysing energy consumption of systems controlled by software},
  booktitle={Companion Proceedings of the 1st International Conference on the Art, Science, and Engineering of Programming},
  publisher={Association for Computing Machinery},
  address={New York, NY},
  series={Programming '17},
  location={Brussels, Belgium},
  year={2017},
  articleno={19},
  numpages={2},
  isbn={9781450348362},
  doi={10.1145/3079368.3079396}
}

@inproceedings{van2023organizational,
  author={van der Steen, Roy and van Gastel, Bernard},
  title={The organizational hurdles of structurally reducing the energy consumption of software},
  booktitle={BENEVOL},
  pages={25--32},
  numpages={8},
  year={2023}
}

@phdthesis{phdBernard,
  author={Bernard van Gastel},
  title={Assessing sustainability of software: analysing correctness, memory and energy consumption},
  year={2016},
  school={Open University, the Netherlands}
}
